<record><leader>00000cas a2200000 a 4500</leader><controlfield tag="001">6188781</controlfield><controlfield tag="008">800410d19761996wiusr ne      0   a0eng c</controlfield><datafield ind1=" " ind2=" " tag="010"><subfield code="a">sn 89012438 </subfield></datafield><datafield ind1=" " ind2=" " tag="040"><subfield code="a">GZN</subfield><subfield code="b">eng</subfield><subfield code="c">GZN</subfield><subfield code="d">NST</subfield><subfield code="d">ANU</subfield><subfield code="d">CNK</subfield><subfield code="d">CVF</subfield><subfield code="d">NYS</subfield><subfield code="d">OCLCQ</subfield><subfield code="d">OCLCF</subfield><subfield code="d">OCLCO</subfield></datafield><datafield ind1=" " ind2=" " tag="012"><subfield code="i">8908</subfield></datafield><datafield ind1="1" ind2=" " tag="029"><subfield code="a">AU@</subfield><subfield code="b">000020551379</subfield></datafield><datafield ind1=" " ind2=" " tag="042"><subfield code="a">pcc</subfield></datafield><datafield ind1=" " ind2=" " tag="043"><subfield code="a">n-us-wi</subfield></datafield><datafield ind1=" " ind2="4" tag="050"><subfield code="a">E75</subfield><subfield code="b">.M46x</subfield></datafield><datafield ind1="0" ind2="0" tag="245"><subfield code="a">Menominee tribal news.</subfield></datafield><datafield ind1=" " ind2=" " tag="260"><subfield code="a">Keshena, Wis. :</subfield><subfield code="b">Menominee Tribal News</subfield></datafield><datafield ind1=" " ind2=" " tag="300"><subfield code="a">v. ;</subfield><subfield code="c">40 cm.</subfield></datafield><datafield ind1=" " ind2=" " tag="310"><subfield code="a">Semimonthly,</subfield><subfield code="b">Jan. 1989-&lt;Jan. 11, 1996&gt;</subfield></datafield><datafield ind1=" " ind2=" " tag="321"><subfield code="a">Monthly,</subfield><subfield code="b">&lt;June 1978&gt;-Dec. 1988</subfield></datafield><datafield ind1="1" ind2=" " tag="362"><subfield code="a">Began in 1976; ceased in 1996.</subfield></datafield><datafield ind1=" " ind2=" " tag="500"><subfield code="a">"Official publication of the Menominee Indian Nation."</subfield></datafield><datafield ind1=" " ind2=" " tag="588"><subfield code="a">Description based on: Vol. 3, no. 4 (June 1978).</subfield></datafield><datafield ind1=" " ind2="0" tag="650"><subfield code="a">Indians of North America</subfield><subfield code="z">Wisconsin</subfield><subfield code="v">Newspapers.</subfield></datafield><datafield ind1=" " ind2="0" tag="650"><subfield code="a">Menominee Indians</subfield><subfield code="v">Newspapers.</subfield></datafield><datafield ind1=" " ind2="0" tag="651"><subfield code="a">Menominee Indian Reservation (Wis.)</subfield><subfield code="v">Newspapers.</subfield></datafield><datafield ind1=" " ind2="0" tag="651"><subfield code="a">Keshena (Wis.)</subfield><subfield code="v">Newspapers.</subfield></datafield><datafield ind1=" " ind2="0" tag="651"><subfield code="a">Menominee County (Wis.)</subfield><subfield code="v">Newspapers.</subfield></datafield><datafield ind1=" " ind2="7" tag="655"><subfield code="a">Newspapers.</subfield><subfield code="2">fast</subfield><subfield code="0">(OCoLC)fst01423814</subfield></datafield><datafield ind1=" " ind2="7" tag="650"><subfield code="a">Indians of North America.</subfield><subfield code="2">fast</subfield><subfield code="0">(OCoLC)fst00969633</subfield></datafield><datafield ind1=" " ind2="7" tag="650"><subfield code="a">Menominee Indians.</subfield><subfield code="2">fast</subfield><subfield code="0">(OCoLC)fst01016230</subfield></datafield><datafield ind1=" " ind2="7" tag="651"><subfield code="a">Wisconsin.</subfield><subfield code="2">fast</subfield><subfield code="0">(OCoLC)fst01204595</subfield></datafield><datafield ind1=" " ind2="7" tag="651"><subfield code="a">Wisconsin</subfield><subfield code="z">Keshena.</subfield><subfield code="2">fast</subfield><subfield code="0">(OCoLC)fst01875775</subfield></datafield><datafield ind1=" " ind2="7" tag="651"><subfield code="a">Wisconsin</subfield><subfield code="z">Menominee County.</subfield><subfield code="2">fast</subfield><subfield code="0">(OCoLC)fst01237953</subfield></datafield><datafield ind1=" " ind2="7" tag="651"><subfield code="a">Wisconsin</subfield><subfield code="z">Menominee Indian Reservation.</subfield><subfield code="2">fast</subfield><subfield code="0">(OCoLC)fst01269155</subfield></datafield><datafield ind1=" " ind2=" " tag="752"><subfield code="a">United States</subfield><subfield code="b">Wisconsin</subfield><subfield code="c">Menominee</subfield><subfield code="d">Keshena.</subfield></datafield><datafield ind1="0" ind2="0" tag="785"><subfield code="t">Menominee Nation news</subfield><subfield code="w">(DLC)sn 00062029</subfield><subfield code="w">(OCoLC)34310637</subfield></datafield><datafield ind1=" " ind2=" " tag="850"><subfield code="a">NN</subfield></datafield></record>